<?xml version="1.0" encoding="UTF-8"?><collection xmlns="http://www.loc.gov/MARC21/slim"><record><leader>00344nam--2200121-i-4500</leader><controlfield tag="001">000034210</controlfield><controlfield tag="002">20161230</controlfield><controlfield tag="005">20161230201039</controlfield><controlfield tag="008">060222s1000------------r-----000-0-eng-d</controlfield><datafield ind1=" " ind2=" " tag="100"><subfield code="a">Motton, N.F</subfield></datafield><datafield ind1=" " ind2=" " tag="245"><subfield code="a">Elements de mecanique ondulatoire. adaptation francaise par y.cauchois</subfield></datafield><datafield ind1=" " ind2=" " tag="260"><subfield code="a">Paris, Ed.La Revue D`Optiques, 1953, 152p</subfield></datafield><datafield ind1=" " ind2=" " tag="852"><subfield code="a">10372</subfield></datafield></record></collection>